@inproceedings{pnueli1977temporal,
  title={The temporal logic of programs},
  author={Pnueli, Amir},
  booktitle={Foundations of Computer Science, 1977., 18th Annual Symposium on},
  pages={46--57},
  year={1977},
  organization={IEEE}
}


% LTL planning under strong fairness constraints articles 

@inproceedings{de2010generalized,
  title={Generalized Planning with Loops under Strong Fairness Constraints.},
  author={De Giacomo, Giuseppe and Patrizi, Fabio and Sardina, Sebastian},
  booktitle={KR},
  year={2010}
}

@inproceedings{patrizi2013fair,
  title={Fair LTL Synthesis for Non-Deterministic Systems using Strong Cyclic Planners.},
  author={Patrizi, Fabio and Lipovetzky, Nir and Geffner, Hector},
  booktitle={IJCAI},
  year={2013}
}

@inproceedings{fu2011simple,
  title={Simple and fast strong cyclic planning for fully-observable nondeterministic planning problems},
  author={Fu, Jicheng and Ng, Vincent and Bastani, Farokh B and Yen, I-Ling and others},
  booktitle={IJCAI Proceedings-International Joint Conference on Artificial Intelligence},
  volume={22},
  number={3},
  pages={1949},
  year={2011}
}

@Inbook{Kissmann2009,
author="Kissmann, Peter
and Edelkamp, Stefan",
editor="Mertsching, B{\"a}rbel
and Hund, Marcus
and Aziz, Zaheer",
title="Solving Fully-Observable Non-deterministic Planning Problems via Translation into a General Game",
bookTitle="KI 2009: Advances in Artificial Intelligence: 32nd Annual German Conference on AI, Paderborn, Germany, September 15-18, 2009. Proceedings",
year="2009",
publisher="Springer Berlin Heidelberg",
address="Berlin, Heidelberg",
pages="1--8",
isbn="978-3-642-04617-9",
doi="10.1007/978-3-642-04617-9_1",
url="http://dx.doi.org/10.1007/978-3-642-04617-9_1"
}

@book{principlemodelchecking,
 author = {Baier, Christel and Katoen, Joost-Pieter},
 title = {Principles of Model Checking (Representation and Mind Series)},
 year = {2008},
 isbn = {026202649X, 9780262026499},
 publisher = {The MIT Press},
}

@article{mucalculus,
  title={Model checking and the mu-calculus},
  author={Emerson, E Allen},
  journal={DIMACS series in discrete mathematics},
  volume={31},
  pages={185--214},
  year={1997}
} 

@article{tarski,
  title={A lattice-theoretical fixpoint theorem and its applications},
  author={Tarski, Alfred and others},
  journal={Pacific journal of Mathematics},
  volume={5},
  number={2},
  pages={285--309},
  year={1955}
}

%% ABSTRACTION
@inproceedings{liu2014abstraction,
  title={Abstraction, discretization, and robustness in temporal logic control of dynamical systems},
  author={Liu, Jun and Ozay, Necmiye},
  booktitle={Proceedings of the 17th international conference on Hybrid systems: computation and control},
  pages={293--302},
  year={2014},
  organization={ACM}
}


% Smallest invarient with bounded noise
@article{Polyak200815349,
title = "Filtering with nonrandom noise: invariant ellipsoids technique ",
journal = "\{IFAC\} Proceedings Volumes ",
volume = "41",
number = "2",
pages = "15349 - 15352",
year = "2008",
note = "17th \{IFAC\} World Congress ",
issn = "1474-6670",
doi = "http://dx.doi.org/10.3182/20080706-5-KR-1001.02596",
url = "http://www.sciencedirect.com/science/article/pii/S1474667016414618",
author = "B.T. Polyak and M.V. Topunov",
keywords = "Filtering",
keywords = "bounded noise",
keywords = "linear systems",
keywords = "state estimation",
keywords = "invariant ellipsoids",
keywords = "LMI "
}

@book{LMI_book,
author = {Boyd, S. and El Ghaoui, L. and Feron, E. and Balakrishnan, V.},
title = {Linear Matrix Inequalities in System and Control Theory},
publisher = {Society for Industrial and Applied Mathematics},
year = {1994},
doi = {10.1137/1.9781611970777},
address = {},
edition   = {},
URL = {http://epubs.siam.org/doi/abs/10.1137/1.9781611970777},
eprint = {http://epubs.siam.org/doi/pdf/10.1137/1.9781611970777}
}

@article{reissig2011computing,
  title={Computing abstractions of nonlinear systems},
  author={Rei{\ss}ig, Gunther},
  journal={IEEE Transactions on Automatic Control},
  volume={56},
  number={11},
  pages={2583--2598},
  year={2011},
  publisher={IEEE}
}

@book{tabuada2009verification,
  title={Verification and control of hybrid systems: a symbolic approach},
  author={Tabuada, Paulo},
  year={2009},
  publisher={Springer Science \& Business Media}
}
